@article{albert1993bayesian,
  title={Bayesian analysis of binary and polychotomous response data},
  author={Albert, James H and Chib, Siddhartha},
  journal={Journal of the American statistical Association},
  volume={88},
  number={422},
  pages={669--679},
  year={1993},
  publisher={Taylor \& Francis}
}

@article{carpenter2017stan,
  title={Stan: A probabilistic programming language},
  author={Carpenter, Bob and Gelman, Andrew and Hoffman, Matthew D and Lee, Daniel and Goodrich, Ben and Betancourt, Michael and Brubaker, Marcus and Guo, Jiqiang and Li, Peter and Riddell, Allen},
  journal={Journal of statistical software},
  volume={76},
  number={1},
  pages={1--32},
  year={2017}
}

@article{gneiting2007strictly,
  title={Strictly proper scoring rules, prediction, and estimation},
  author={Gneiting, Tilmann and Raftery, Adrian E},
  journal={Journal of the American statistical Association},
  volume={102},
  number={477},
  pages={359--378},
  year={2007},
  publisher={Taylor \& Francis}
}

@article{held2006bayesian,
  title={Bayesian auxiliary variable models for binary and multinomial regression},
  author={Held, Leonhard and Holmes, Chris C},
  journal={Bayesian analysis},
  volume={1},
  number={1},
  pages={145--168},
  year={2006},
  publisher={International Society for Bayesian Analysis}
}

@misc{hoo2017roc,
  title={What is an ROC curve?},
  author={Hoo, Zhe Hui and Candlish, Jane and Teare, Dawn},
  year={2017},
  publisher={BMJ Publishing Group Ltd and the British Association for Accident~â€¦}
}

@article{lewandowski2009generating,
  title={Generating random correlation matrices based on vines and extended onion method},
  author={Lewandowski, Daniel and Kurowicka, Dorota and Joe, Harry},
  journal={Journal of multivariate analysis},
  volume={100},
  number={9},
  pages={1989--2001},
  year={2009},
  publisher={Elsevier}
}

@article{simpson2017penalising,
  title={Penalising model component complexity: A principled, practical approach to constructing priors},
  author={Simpson, Daniel and Rue, H{\aa}vard and Riebler, Andrea and Martins, Thiago G and S{\o}rbye, Sigrunn H},
  journal={Statistical science},
  volume={32},
  number={1},
  pages={1--28},
  year={2017},
  publisher={Institute of Mathematical Statistics}
}